
@article{coppitters2020robust,
  title={{Robust design optimization and stochastic performance analysis of a grid-connected photovoltaic system with battery storage and hydrogen storage}},
  author={Coppitters, Diederik and De Paepe, Ward and Contino, Francesco},
  journal={Energy},
  volume={213},
  pages={118798},
  year={2020},
  doi = {10.1016/j.energy.2020.118798},
  publisher={Elsevier}
}

@article{verleysen2020can,
  title={{How can power-to-ammonia be robust? Optimization of an ammonia synthesis plant powered by a wind turbine considering operational uncertainties}},
  author={Verleysen, Kevin and Coppitters, Diederik and Parente, Alessandro and De Paepe, Ward and Contino, Francesco},
  journal={Fuel},
  volume={266},
  pages={117049},
  year={2020},
  doi = {10.1016/j.fuel.2020.117049},
  publisher={Elsevier}
}

@article{giorgetti2019,
  title={{Surrogate-Assisted Modeling and Robust Optimization of a Micro Gas Turbine Plant With Carbon Capture}},
  author={Giorgetti, Simone and Coppitters, Diederik and Contino, Francesco and Paepe, Ward De and Bricteux, Laurent and Aversano, Gianmarco and Parente, Alessandro},
  journal={Journal of Engineering for Gas Turbines and Power},
  volume={142},
  number={1},
  year={2020},
  doi = {10.1115/1.4044491},
  publisher={American Society of Mechanical Engineers Digital Collection}
}

@article{coppitters2021robust,
  title={Robust design optimization of a photovoltaic-battery-heat pump system with thermal storage under aleatory and epistemic uncertainty},
  author={Coppitters, Diederik and De Paepe, Ward and Contino, Francesco},
  journal={Energy},
  pages={120692},
  year={2021},
  doi = {10.1016/j.energy.2021.120692},
  publisher={Elsevier}
}


@article{Paepe2019a,
author = {{De Paepe}, Ward and Coppitters, Diederik and Abraham, Simon and Tsirikoglou, Panagiotis and Ghorbaniasl, Ghader and Contino, Francesco},
journal = {Energy Procedia},
pages = {5795--5803},
publisher = {Elsevier},
title = {{Robust Operational Optimization of a Typical micro Gas Turbine}},
doi = {10.1016/j.egypro.2019.01.549},
volume = {158},
year = {2019}
}

@article{Coppitters2019a,
author = {Coppitters, Diederik and {De Paepe}, Ward and Contino, Francesco},
journal = {Applied Energy},
pages = {310--320},
publisher = {Elsevier},
title = {{Surrogate-assisted robust design optimization and global sensitivity analysis of a directly coupled photovoltaic-electrolyzer system under techno-economic uncertainty}},
doi = {10.1016/j.apenergy.2019.04.101},
volume = {248},
year = {2019}
}

@article{Eriksson2017,
author = {Eriksson, E. L.V. and Gray, E. Mac A.},
journal = {Applied Energy},
pages = {348--364},
publisher = {Elsevier},
title = {{Optimization and integration of hybrid renewable energy hydrogen fuel cell energy systems â€“ A critical review}},
doi = {10.1016/j.apenergy.2017.03.132},
volume = {202},
year = {2017}
}

@article{orosz2020robust,
  title={{Robust design optimization and emerging technologies for electrical machines: Challenges and open problems}},
  author={Orosz, Tam{\'a}s and Rass{\~o}lkin, Anton and Kallaste, Ants and Ars{\'e}nio, Pedro and P{\'a}nek, David and Kaska, Jan and Karban, Pavel},
  journal={Applied Sciences},
  volume={10},
  number={19},
  pages={6653},
  year={2020},
  doi={10.3390/app10196653},
  publisher={Multidisciplinary Digital Publishing Institute}
}

@article{Chatterjee2017,
author = {Chatterjee, Tanmoy and Chakraborty, Souvik and Chowdhury, Rajib},
journal = {Archives of Computational Methods in Engineering},
pages = {1--30},
publisher = {Springer Netherlands},
title = {{A Critical Review of Surrogate Assisted Robust Design Optimization}},
doi = {10.1007/s11831-017-9240-5},
year = {2017}
}

@inproceedings{Tsirikoglou2017,
  title={Comparison of metaheuristics algorithms on robust design optimization of a plain-fin-tube heat exchanger},
  author={Tsirikoglou, Panagiotis and Abraham, Simon and Contino, Francesco and Ba{\u{g}}ci, {\"O}zer and Vierendeels, Jan and Ghorbaniasl, Ghader},
  booktitle={18th AIAA/ISSMO Multidisciplinary Analysis and Optimization Conference},
  pages={3827},
  doi={10.2514/6.2017-3827},
  year={2017}
}

@article{rixhon2021role,
  title={{The Role of Electrofuels under Uncertainties for the Belgian Energy Transition}},
  author={Rixhon, Xavier and Limpens, Gauthier and Coppitters, Diederik and Jeanmart, Herv{\'e} and Contino, Francesco},
  journal={Energies},
  volume={14},
  number={13},
  pages={4027},
  year={2021},
  doi={10.3390/en14134027},
  publisher={Multidisciplinary Digital Publishing Institute}
}

@article{Abraham2017,
author = {Abraham, Simon and Raisee, Mehrdad and Ghorbaniasl, Ghader and Contino, Francesco and Lacor, Chris},
journal = {Journal of Computational Physics},
pages = {461--474},
title = {{A robust and efficient stepwise regression method for building sparse polynomial chaos expansions}},
doi = {10.1016/j.jcp.2016.12.015},
volume = {332},
year = {2017}
}

@article{holmgren2018pvlib,
  title={{pvlib python: A python package for modeling solar energy systems}},
  author={Holmgren, William F and Hansen, Clifford W and Mikofski, Mark A},
  journal={Journal of Open Source Software},
  volume={3},
  number={29},
  pages={884},
  doi = {10.21105/joss.00884},
  year={2018}
}

@article{haghighi2018opem,
  title={{OPEM: Open Source PEM Cell Simulation Tool}},
  author={Haghighi, Sepand and Askari, Kasra and Hamidi, Sarmin and Rahimi, Mohammad Mahdi},
  journal={Journal of Open Source Software},
  volume={3},
  number={27},
  pages={676},
  doi = {10.21105/joss.00676},
  year={2018}
}

@article{fortin2012deap,
  title={DEAP: Evolutionary algorithms made easy},
  author={Fortin, F{\'e}lix-Antoine and De Rainville, Fran{\c{c}}ois-Michel and Gardner, Marc-Andr{\'e} Gardner and Parizeau, Marc and Gagn{\'e}, Christian},
  journal={The Journal of Machine Learning Research},
  volume={13},
  number={1},
  pages={2171--2175},
  year={2012},
  doi={10.5555/2503308.2503311},
  publisher={JMLR. org}
}

@incollection{marelli2014uqlab,
  title={UQLab: A framework for uncertainty quantification in Matlab},
  author={Marelli, Stefano and Sudret, Bruno},
  booktitle={Vulnerability, uncertainty, and risk: quantification, mitigation, and management},
  pages={2554--2563},
  year={2014}
}

@article{feinberg2015chaospy,
  title={Chaospy: An open source tool for designing methods of uncertainty quantification},
  author={Feinberg, Jonathan and Langtangen, Hans Petter},
  journal={Journal of Computational Science},
  volume={11},
  pages={46--57},
  year={2015},
  doi={10.1016/j.jocs.2015.08.008},
  publisher={Elsevier}
}

@article{pfenninger2018calliope,
  title={Calliope: a multi-scale energy systems modelling framework},
  author={Pfenninger, Stefan and Pickering, Bryn},
  journal={Journal of Open Source Software},
  volume={3},
  number={29},
  pages={825},
  doi={10.21105/joss.00825},
  year={2018}
}